@Article{EB11,
    title = {{Extending 	extit{R} with 	extit{C++}: A Brief Introduction to 	extit{Rcpp}}},
    author = {Dirk Eddelbuettel and James Joseph Balamuta},
    journal = {PeerJ Preprints},
    year = {2017},
    month = {aug},
    volume = {5},
    pages = {e3188v1},
    issn = {2167-9843},
    url = {https://doi.org/10.7287/peerj.preprints.3188v1},
    doi = {10.7287/peerj.preprints.3188v1},
  }

@Manual{R20,
    title = {R: A Language and Environment for Statistical Computing},
    author = {{R Core Team}},
    organization = {R Foundation for Statistical Computing},
    address = {Vienna, Austria},
    year = {2020},
    url = {https://www.R-project.org/},
  }
